@book{  janke,
	author = "Janke, Steven J",
	title = "Mathematical Structures for Computer Graphics",
	publisher = "Wiley",
	year = "2015" }

@book{  lengyel,
	author = "Lengyel, Eric",
	title = "Mathematics for 3D Game Programming and Computer Graphics",
	publisher = "Course Technology PTR",
	year = "2012" }

@book{  sherrod,
	author = "Sherrod, Allen",
	title = "Data Structures and Algorithms for Game Developers",
	publisher = "Charles River Media",
	year = "2007" }

@book{  rules,
	author = "Brownlow, Martin",
	title = "Game Programming Golden Rules",
	publisher = "Charles River Media / Cengage Learning",
	year = "2004" }

@book{  haines,
	author = "Haines, Eric and Akenine-MÃ¶ller, Tomas",
	title = "Real-Time Rendering",
	publisher = "A K Peters/CRC Press",
	year = "2002" }

@misc{  ranta,
	author = "Ranta-Eskola, Samuel",
	title = "Binary Space Partitioning Trees and Polygon Removal in Real Time 3D Rendering",
	year = "2001" }

@article{fuchs,
	author = {Fuchs, Henry and Kedem, Zvi M. and Naylor, Bruce F.},
	title = {On Visible Surface Generation by a Priori Tree Structures},
	journal = {SIGGRAPH Comput. Graph.},
	issue_date = {July 1980},
	volume = {14},
	number = {3},
	month = jul,
	year = {1980},
	issn = {0097-8930},
	pages = {124--133},
	numpages = {10},
	url = {http://doi.acm.org/10.1145/965105.807481},
	doi = {10.1145/965105.807481},
	acmid = {807481},
	publisher = {ACM},
	address = {New York, NY, USA} }
 
@article{ name,
	author = "",
	title = "",
	journal = "",
	year = "" }
